@article{shannon2001mathematical,
  title={{A Mathematical Theory of Communication}},
  author={Shannon, Claude Elwood},
  journal={The Bell System Technical Journal},
  volume={27},
  number={1},
  pages={379--423,623--656},
  year={1948}
}

@incollection{gershenson2003can,
  title={{When Can We Call a System Self-Organizing?}},
  author={Gershenson, Carlos and Heylighen, Francis},
  booktitle={Advances in Artificial Life},
  pages={606--614},
  year={2003},
  publisher={Springer}
}

@book{Rossi2006,
 author = {Rossi, Francesca and Beek, Peter van and Walsh, Toby},
 title = {Handbook of Constraint Programming (Foundations of Artificial Intelligence)},
 year = {2006},
 isbn = {0444527265},
 publisher = {Elsevier Science Inc.},
 address = {New York, NY, USA}
} 


@book{tsang1993foundations,
  title={Foundations of constraint satisfaction},
  author={Tsang, Edward},
  volume={289},
  year={1993},
  publisher={Academic press London}
}

@book{russell2010artificial,
  title={Artificial Intelligence: A Modern Approach},
  author={Russell, S.J. and Norvig, P.},
  isbn={9780136042594},
  lccn={2011288031},
  series={Prentice Hall series in artificial intelligence},
  year={2010},
  publisher={Prentice Hall}
}
