@article{shannon2001mathematical,
  title={{A Mathematical Theory of Communication}},
  author={Shannon, Claude Elwood},
  journal={The Bell System Technical Journal},
  volume={27},
  number={1},
  pages={379--423,623--656},
  year={1948}
}

@inproceedings{ruttkay1994fuzzy,
  title={Fuzzy constraint satisfaction},
  author={Ruttkay, Zsofi},
  booktitle={Fuzzy Systems, 1994. IEEE World Congress on Computational Intelligence., Proceedings of the Third IEEE Conference on},
  pages={1263--1268},
  year={1994},
  organization={IEEE}
}

@article{shapiro1981structural,
  title={Structural descriptions and inexact matching},
  author={Shapiro, Linda G and Haralick, Robert M},
  journal={IEEE Transactions on Pattern Analysis and Machine Intelligence},
  number={5},
  pages={504--519},
  year={1981},
  publisher={IEEE}
}

@ARTICLE{FreuderW92,
  author = {Eugene C. Freuder and
            Richard J. Wallace},
  title = {{Partial Constraint Satisfaction}},
  journal = {Artif. Intell.},
  volume = {58},
  number = {1--3},
  year = {1992},
  pages = {21-70},
  researchr = {http://researchr.org/publication/FreuderW92},
}

@inproceedings{seebach2010software,
  title={A software engineering guideline for self-organizing resource-flow systems},
  author={Seebach, Hella and Nafz, Florian and Steghofer, Jan-Philipp and Reif, Wolfgang},
  booktitle={2010 Fourth IEEE International Conference on Self-Adaptive and Self-Organizing Systems},
  pages={194--203},
  year={2010},
  organization={IEEE}
}

@TECHREPORT{knapp-schiendorfer2014,
  author = {Alexander Knapp and
            Alexander Schiendorfer},
  title = {{Embedding Constraint Relationships into C-Semirings}},
  institution = {Institute for Software and Systems Engineering, University of Augsburg},
  number = {2014-03},
  note = {\url{http://opus.bibliothek.uni-augsburg.de/opus4/frontdoor/index/index/docId/2684}},
  year = {2014}
}

@INPROCEEDINGS{Schiex1995valued,
  author = {Thomas Schiex and
            H{\'e}l{\`e}ne Fargier and
            G{\'e}rard Verfaillie},
  title = {{Valued Constraint Satisfaction Problems: Hard and Easy Problems}},
  booktitle = {Proc. 14\textsuperscript{th} Int. Joint Conf.
               Artificial Intelligence (IJCAI'95), Vol. 1},
  publisher = {Morgan Kaufmann},
  year = {1995},
  pages = {631-639},
}


@incollection{hebrard2010constraint,
  title={Constraint programming and combinatorial optimisation in numberjack},
  author={Hebrard, Emmanuel and O’Mahony, Eoin and O’Sullivan, Barry},
  booktitle={Integration of AI and OR Techniques in Constraint Programming for Combinatorial Optimization Problems},
  pages={181--185},
  year={2010},
  publisher={Springer}
}

@techreport{allouche2010toulbar2,
  title={Toulbar2, an open source exact cost function network solver},
  author={Allouche, D and de Givry, S and Schiex, T},
  year={2010},
  institution={Technical report, INRIA}
}

@incollection{gershenson2003can,
  title={{When Can We Call a System Self-Organizing?}},
  author={Gershenson, Carlos and Heylighen, Francis},
  booktitle={Advances in Artificial Life},
  pages={606--614},
  year={2003},
  publisher={Springer}
}


@article{baptiste2006constraint,
  title={Constraint-based scheduling and planning},
  author={Baptiste, Philippe and Laborie, Philippe and Le Pape, C and Nuijten, W},
  journal={Handbook of Constraint Programming},
  volume={22},
  pages={759--798},
  year={2006},
  publisher={Citeseer}
}

@INPROCEEDINGS{Bartak03constraintbasedscheduling,
    author = {Roman Barták},
    title = {Constraint-based scheduling: An introduction for newcomers},
    booktitle = {In Intelligent Manufacturing Systems 2003},
    year = {2003},
    pages = {69--74},
    publisher = {IFAC Publications, Elsevier Science}
}

@article{bartak2010constraint,
  title={Constraint satisfaction techniques in planning and scheduling},
  author={Bart{\'a}k, Roman and Salido, Miguel A and Rossi, Francesca},
  journal={Journal of Intelligent Manufacturing},
  volume={21},
  number={1},
  pages={5--15},
  year={2010},
  publisher={Springer}
}


@incollection{SchiendorferPvs2015, 
author={Alexander Schiendorfer and Alexander Knapp and Jan-Philipp Steghöfer and Gerrit Anders and Florian Siefert and Wolfgang Reif },
booktitle={Software, Services and Systems - Essays Dedicated to Martin Wirsing on the Occasion of His Emeritation}, 
title={{Partial Valuation Structures for Qualitative Soft Constraints}},
series = {Lect. Notes Comp. Sci. 8950}, 
year={2015},
editor={Rocco De Nicola and Rolf Hennicker},
publisher = {Springer}
}

@inproceedings{knapp-schiendorfer2014ictai,
  author = {Alexander Knapp and
            Alexander Schiendorfer and Wolfgang Reif},
  title = {{Quality over Quantity in Soft Constraints}},
  booktitle={Proc.\ 26\textsuperscript{th} Int. Conf. Tools with Artificial Intelligence (ICTAI'2014)},
  year = {2014},
  pages = {453-460}
}

@BOOK{amadio-curien:1998,
  author = {Roberto M. Amadio and
            Pierre-Louis Curien},
  title = {Domains and Lambda-Calculi},
  series = {Cambridge Tracts in Theoretical Computer Science 46},
  novolume = {46},
  publisher = {Cambridge University Press},
  year = {1998},
}

@INPROCEEDINGS{Schiendorfer13,
  author = {Alexander Schiendorfer and
            Jan-Philipp Steghöfer and
            Alexander Knapp and
            Florian Nafz and
            Wolfgang Reif},
  title = {{Constraint Relationships for Soft Constraints}},
  editor = {Max Bramer and
            Miltos Petridis},
  booktitle = {Proc. 33\textsuperscript{rd} SGAI Int. Conf.
               Innovative Techniques and Applications of Artificial Intelligence (AI'13)},
  publisher = {Springer},
  year = {2013},
  pages = {241-255},
  nolanguage = {English}
}

@article{Bistarelli1999,
year={1999},
issn={1383-7133},
journal={Constraints},
volume={4},
number={3},
title={{Semiring-Based CSPs and Valued CSPs: Frameworks, Properties, and Comparison}},
publisher={Kluwer Academic Publishers},
keywords={overconstrained problems; constraint satisfaction; optimization; soft constraint; dynamic programming; branch and bound; complexity},
author={Bistarelli, S. and Montanari, U. and Rossi, F. and Schiex, T. and Verfaillie, G. and Fargier, H.},
pages={199-240},
language={English}
}


@INPROCEEDINGS{Gadducci2013,
year={2013},
booktitle={Proc.\ 12\textsuperscript{th} Mexican Int. Conf. Artificial Intelligence (MICAI'2013)},
series={Lect. Notes Comp. Sci. 8265},
editor={Castro, Félix and Gelbukh, Alexander and González, Miguel},
title={Soft Constraints for Lexicographic Orders},
publisher={Springer},
author={Gadducci, Fabio and Hölzl, Mattias and Monreale, GiacomaV. and Wirsing, Martin},
pages={68-79},
language={English}
}



